@article{biehl2020toplumsal,
  title={Toplumsal cinsiyet perspektifinden T{\"u}rkiye’de g{\"o}{\c{c}} ara{\c{s}}t{\i}rmalar{\i}},
  author={Biehl, Kristen and Dan{\i}{\c{s}}, Didem},
  year={2020},
  publisher={Sabanc{\i} Üniversitesi Toplumsal Cinsiyet ve Kad{\i}n Çal{\i}şmalar{\i}~…}
}
@article{demir2014duzey,
  title={D{\"u}zey 1 b{\"o}lgelerine g{\"o}re yoksulluk ve g{\"o}{\c{c}} durumu},
  author={DEM{\.I}R, Nuray and Seda, YA{\c{S}}A and DA{\u{G}}DEM{\.I}R, Vedat},
  journal={Atat{\"u}rk {\"U}niversitesi Ziraat Fak{\"u}ltesi Dergisi},
  volume={44},
  number={1},
  pages={99--102},
  year={2014}
}
@mastersthesis{yildirim2013dics,
  title={D{\i}{\c{s}} g{\"o}{\c{c}}ler sebebiyle par{\c{c}}alanm{\i}{\c{s}} aile {\c{c}}ocuklar{\i}n{\i}n de{\u{g}}er alg{\i}lar{\i}n{\i}n incelenmesi},
  author={Y{\i}ld{\i}r{\i}m, Erdal},
  year={2013},
  school={Aksaray {\"U}niversitesi Sosyal Bilimler Enstit{\"u}s{\"u}}
}
@article{aydougan2017turkiye,
  title={T{\"U}RK{\.I}YE’YE GELEN DI{\c{S}} G{\"O}{\c{C}} VE SA{\u{G}}LI{\u{G}}A ETK{\.I}LER{\.I}},
  author={Aydo{\u{g}}an, Sevil and Metinta{\c{s}}, Selma},
  journal={EST{\"U}DAM Halk Sa{\u{g}}l{\i}{\u{g}}{\i} Dergisi},
  volume={2},
  number={2},
  pages={37--45},
  year={2017}
}
@article{csimcsek2018turkiye,
  title={T{\"U}RK{\.I}YE’N{\.I}N G{\"O}{\c{C}}MEN POL{\.I}T{\.I}KASINDA {\.I}HMAL ED{\.I}LEN BOYUT: E{\u{G}}{\.I}TSEL UYUM PROGRAMI},
  author={{\c{S}}{\.I}M{\c{S}}EK, H{\"u}seyin and KULA, Sultan Selen},
  journal={Ahi Evran {\"U}niversitesi {\.I}ktisadi ve {\.I}dari Bilimler Fak{\"u}ltesi Dergisi},
  volume={2},
  number={2},
  pages={5--21},
  year={2018}
}